<?xml version="1.0" encoding="UTF-8"?><record xmlns="http://www.loc.gov/MARC21/slim" xmlns:cinclude="http://apache.org/cocoon/include/1.0" xmlns:zs="http://www.loc.gov/zing/srw/">
  <leader>00359nz  a2200133n  4500</leader>
  <controlfield tag="001">no2012058582</controlfield>
  <controlfield tag="003">DLC</controlfield>
  <controlfield tag="005">20120427075319.0</controlfield>
  <controlfield tag="008">120425n| acannaabn          |n aaa     c</controlfield>
  <datafield tag="010" ind1=" " ind2=" ">
    <subfield code="a">no2012058582</subfield>
  </datafield>
  <datafield tag="035" ind1=" " ind2=" ">
    <subfield code="a">(OCoLC)oca09181895</subfield>
  </datafield>
  <datafield tag="040" ind1=" " ind2=" ">
    <subfield code="a">MoKU-MAV</subfield>
    <subfield code="b">eng</subfield>
    <subfield code="c">MoKU-MAV</subfield>
  </datafield>
  <datafield tag="100" ind1="1" ind2=" ">
    <subfield code="a">Hadrick, Joe</subfield>
  </datafield>
  <datafield tag="670" ind1=" " ind2=" ">
    <subfield code="a">Jackson, W. Loose [SR] 1963:</subfield>
    <subfield code="b">container (Joe Hadrick, drums)</subfield>
  </datafield>
</record>